<record><leader>00000cas a22000007a 4500</leader><controlfield tag="001">15010506</controlfield><controlfield tag="008">861223d19081913inuwr ne      0    0eng d</controlfield><datafield ind1=" " ind2=" " tag="010"><subfield code="a">sn 86059225 </subfield></datafield><datafield ind1=" " ind2=" " tag="040"><subfield code="a">NPI</subfield><subfield code="b">eng</subfield><subfield code="c">NPI</subfield><subfield code="d">P4I</subfield><subfield code="d">OCLCQ</subfield><subfield code="d">OCLCF</subfield><subfield code="d">OCLCO</subfield></datafield><datafield ind1=" " ind2=" " tag="042"><subfield code="a">msc</subfield></datafield><datafield ind1="0" ind2="0" tag="245"><subfield code="a">Star-Democrat.</subfield></datafield><datafield ind1=" " ind2=" " tag="260"><subfield code="a">Greencastle, Ind. :</subfield><subfield code="b">Star and Democrat Pub. Co.,</subfield><subfield code="c">1908-1913.</subfield></datafield><datafield ind1=" " ind2=" " tag="310"><subfield code="a">Weekly</subfield></datafield><datafield ind1="0" ind2=" " tag="362"><subfield code="a">New ser. v. 5, no. 10 (Oct. 30, 1908)-v. 7, no. 12 (Mar. 28, 1913) = old ser. v. 50, no. 28-v. 57, no. 20.</subfield></datafield><datafield ind1=" " ind2=" " tag="580"><subfield code="a">Daily ed.: Greencastle herald.</subfield></datafield><datafield ind1=" " ind2="0" tag="650"><subfield code="a">Periodicals.</subfield></datafield><datafield ind1=" " ind2="7" tag="650"><subfield code="a">Periodicals.</subfield><subfield code="2">fast</subfield><subfield code="0">(OCoLC)fst01058072</subfield></datafield><datafield ind1=" " ind2=" " tag="752"><subfield code="a">United States</subfield><subfield code="b">Indiana</subfield><subfield code="c">Putnam</subfield><subfield code="d">Greencastle.</subfield></datafield><datafield ind1="1" ind2=" " tag="775"><subfield code="t">Greencastle herald</subfield><subfield code="w">(DLC)sn 86059222</subfield></datafield><datafield ind1="0" ind2="0" tag="780"><subfield code="t">Star and Democrat</subfield><subfield code="w">(DLC)sn 86059224</subfield></datafield><datafield ind1="0" ind2="0" tag="785"><subfield code="t">Herald-Democrat (Greencastle, Ind.)</subfield><subfield code="w">(DLC)sn 84045424</subfield><subfield code="w">(OCoLC)11329591</subfield></datafield></record>